@misc{traKilde,
    title = {{Lumber | 2010-2018 | Data | Chart | Calendar | Forecast | News}},
    url = {https://tradingeconomics.com/commodity/lumber},
    urldate = {2018-05-08}
}
@book{Skriver2017,
    address = {Kbh.},
    author = {Skriver, Hans J{\o}rgen and Staunstrup, Erik and Storm-Henningsen, Peter}, 
    edition = {5},
    isbn = {9788792098443},
    keywords = {for markedsf{\o}rings{\o}konomuddannelse,l{\ae}reb{\o}ger,organisationsteori,virksomheder},
    pages = {467 sider, illustreret i farver},
    publisher = {Trojka},
    title = {{Organisation}},
    year = {2012}
}

@book{Larman2005,
    address = {Upper Saddle River, N.J.},
    annote = {UML: Unified modeling language
        CN - 19.622},
    author = {Larman, Craig},
    edition = {3},
    isbn = {0131489062},
    keywords = {UML,analyse,object-oriented methods,objektorienteret systemudvikling,system analysis,system design,systemanalyse,systemdesign,systemudvikling},
    pages = {xxv, 703 sider, illustreret},
    publisher = {Prentice Hall Professional Technical Reference},
    title = {{Applying UML and patterns : an introduction to object-oriented analysis and design and iterative development}},
    year = {2005}
}

@misc{mapsppl,
    title = {{MapsIndoors - Indoor navigation with Google Maps - MapsPeople}},
    howpublished = {\url{https://www.mapspeople.com/mapsindoors/}},
    note = {Læst: 2018-12-03}
}

@misc{linkedIn,
    title = {{Sign In with LinkedIn | Documentation}},
    howpublished = {\url{https://developer.linkedin.com/docs/signin-with-linkedin}},
    note = {Læst: 2018-12-03}
}

@misc{heuristics,
    publisher = {Nielsen Norman Group},
    title = {{Alertbox : current issues in Web usability.}},
    howpublished = {\url{https://www.nngroup.com/articles/ten-usability-heuristics/}},
    note = {Læst: 2018-12-13} 
}

@book{Elmasri2016,
    annote = {Table of Contents: Introduction to Databases: Databases and Database Users ; Database Systems Concepts and Architecture. Conceptual Data Modeling and Database Design: Data Modeling Using the Entity Relationship (ER) Model ; The Enhanced Entity Relationship (EER) Model. The Relational Data Model and SQL: The Relational Data Model and Relational Database Constraints ; Basic SQL ; More SQL: Complex Queries, Triggers, Views, and Schema Modification ; The Relational Algebra and Relational Calculus ; Relational Database Design by ER- and EER-to-Relational Mapping. Database Programming Techniques: Introduction to SQL Programming Techniques ; Web Database Programming Using PHP. Object, Object-Relational, and XML: Concepts, Models, Languages, and Standards: Object and Object-Relational Databases ; XLM: Extensible Markup Language. Database Design Theory and Normalization: Basics of Functional Dependencies and Normalization for Relational Databases ; Relational Database Design Algorithms and Further Dependencies. File Structures, Hashing, Indexing, and Physical Database Design: Disc Storage, Basic File Structures, Hashing, and Modern Storage Architectures ; Indexing Structures for Files and Physical Database Design. Query Processing and Optimization: Strategies for Query Processing ; Query Optimization. Transaction Processing, Concurrency Control, and Recovering: Introduction to Transaction Processing Concepts and Theory ; Concurrency Control Techniques ; Database Recovery Techniques. Distributed Databases, NOSQL Systems, Cloud Computing, and Big Data: Distributed Database Concepts ; NOSQL Databases and Big Data Storage Systems ; Big Data Technologies Based on MapReduce and Hadoop. Advanced Database Models, Systems, and Applications: Enhanced Data Models: Introduction to Active, Temporal, Spatial, Multimedia, and Deductive Databases ; Introduction to Information Retrieval and Web Search ; Data Mining Concepts ; Overview of Data Warehousing and OLAP. Additional Database Topics: Security: Database Security.
        CN - 19.66},
    author = {Elmasri, Ramez and Navathe, Shamkant B},
    edition = {7. rev. edition, Global edition},
    isbn = {9781292097619},
    keywords = {databaser,databasesystemer},
    pages = {1200 sider, illustreret},
    publisher = {Pearson},
    title = {{Fundamentals of database systems}},
    year = {2016}
}

@misc{HashMapJavaDocs,
    publisher = {Oracle},
    title = {HashMap (Java Platform SE8)},
    howpublished = {\url{https://docs.oracle.com/javase/8/docs/api/java/util/HashMap.html}},
    note = {Læst: 2018-12-14}

}

@misc{PlantUMLClassDiagram,
    publisher = {PlantUML},
    title = {PlantUML Class Diagram documentation},
    howpublished = {\url{http://plantuml.com/class-diagram}},
    note = {Sidst læst: 2018-12-17}
}

@Book{Sommerville2010,
    author={Sommerville, Ian},
    title={Software engineering},
    year={2010},
    publisher={Addison-Wesley},
    address={Harlow},
    pages={773 sider, illustreret},
    keywords={software engineering},
    keywords={programudvikling},
    keywords={systemudvikling},
    keywords={softwareudvikling},
    keywords={software},
    keywords={vejledninger}
}
@misc{WCFEndpoints,
    title = {{Endpoints: Addresses, Bindings, and Contracts | Microsoft Docs}},
    howpublished = {\url{https://docs.microsoft.com/en-us/dotnet/framework/wcf/feature-details/endpoints-addresses-bindings-and-contracts}},
    note = {Sidst læst: 2019-04-26}
}

@misc{IsolationLevels,
    title = {{PostgreSQL: Documentation: 11: Transaction Isolation}},
    url = {https://www.postgresql.org/docs/9.5/transaction-iso.html},
    howpublished = {\url{https://www.postgresql.org/docs/11/transaction-iso.html}},
    urldate = {2019-05-08}
}

@misc{PSQLFunctions,
    title = {{PostgreSQL: Documentation: 11: CREATE FUNCTION}},
    howpublished={\url{https://www.postgresql.org/docs/11/sql-createfunction.html}},
    urldate = {2019-05-16}
}

@misc{PSQLExplicitLocking,
    title = {{Explicit Locking}},
    howpublished = {\url{https://www.postgresql.org/docs/9.4/explicit-locking.html}},
    urldate = {2019-05-31},
}

@misc{PSQLErrorCodes,
    title = {{Postgres Error Codes}},
    howpublished = {\url{https://www.postgresql.org/docs/9.6/errcodes-appendix.html}},
    urldate = {2019-05-31},
}

@misc{Hashing,
    title = {{Secure Salted Password Hashing - How to do it Properly}},
    howpublished = {\url{https://crackstation.net/hashing-security.htm}},
    urldate = {2019-05-16}
}
@book{Sadasivan,
    abstract = {This memo defines the IP Flow Information eXport (IPFIX) architecture for the selective monitoring of IP Flows, and for the export of measured IP Flow information from an IPFIX Device to a Collector.},
    author = {Sadasivan, G and Brownlee, JN and Claise, B and Quittek, J},
    issn = {2070-1721},
    publisher = {RFC Editor},
    title = {{Architecture for IP flow information export}},
    howpublished = {\url{https://tools.ietf.org/html/rfc6455}}
}

@misc{Concurrency,
    title = {{Tutorial: Handle concurrency - ASP.NET MVC with EF Core}},
    howpublished = {\url{https://docs.microsoft.com/en-us/aspnet/core/data/ef-mvc/concurrency?view=aspnetcore-2.2}},
    urldate = {2019-05-21}
}
@misc{SOAP,
    title = {{SOAP Version 1.2}},
    howpublished = {\url{https://www.w3.org/TR/2001/WD-soap12-20010709/}},
    urldate = {2019-05-20}
}

@misc{WCFFundamentals,
    title = {{Fundamental Windows Communication Foundation Concepts | Microsoft Docs}},
    howpublished = {\url{https://docs.microsoft.com/en-us/dotnet/framework/wcf/fundamental-concepts}},
    urldate = {2019-05-20}
}

@misc{WhatIsWCf,
    title = {{What Is Windows Communication Foundation | Microsoft Docs}},
    howpublished = {\url{https://docs.microsoft.com/en-us/dotnet/framework/wcf/whats-wcf}},
    urldate = {2019-05-20}
}

@misc{ObservableCollectionDocs,
    publisher = {Microsoft},
    title = {{ObservableCollection<T> Class}},
    howpublished = {\url{https://docs.microsoft.com/en-us/dotnet/api/system.collections.objectmodel.observablecollection-1?view=netframework-4.8}},
    urldate = {2019-05-23}
}

@misc{INotifyCollectionChangedDocs,
    publisher = {Microsoft},
    title = {{INotifyCollectionChanged Interface}},
    howpublished = {\url{https://docs.microsoft.com/en-us/dotnet/api/system.collections.specialized.inotifycollectionchanged?view=netframework-4.8}},
    urldate = {2019-05-23}
}

@misc{INotifyPropertyChangedDocs,
    publisher = {Microsoft},
    title = {{INotifyPropertyChanged Interface}},
    howpublished = {\url{https://docs.microsoft.com/en-us/dotnet/api/system.componentmodel.inotifypropertychanged?view=netframework-4.8}},
    urldate = {2019-05-23}
}

@misc{W3Tshare,
    title = {{Usage Statistics and Market Share of Web Servers, May 2019}},
    author={W3Techs},
    howpublished = {\url{https://w3techs.com/technologies/overview/web_server/all}},
    urldate = {2019-05-20}
}

@misc{MSnginx,
    title = {{Host ASP.NET Core on Linux with Nginx}},
    author={Microsoft},
    howpublished = {\url{https://docs.microsoft.com/en-us/aspnet/core/host-and-deploy/linux-nginx}},
    urldate = {2019-05-20}
}

@book{Boehm2004,
    address = {Boston, Mass.},
    author = {Boehm, Barry and Turner, Richard},
    isbn = {0321186125 CN  - 19.65},
    keywords = {Software development,programmel,programmering,software,systemudvikling},
    pages = {27, 266 s.},
    publisher = {Addison-Wesley},
    title = {{Balancing agility and discipline : a guide for the perplexed}},
    year = {2004}
}

@misc{MVCDocs,
    title = {{Overview of ASP.NET Core MVC}},
    howpublished = {\url{https://docs.microsoft.com/en-us/aspnet/core/mvc/overview?view=aspnetcore-2.2}},
    urldate = {2019-05-25}
}

@misc{RoutingDocs,
    title = {{Routing to controller actions in ASP.NET Core}},
    howpublished = {\url{https://docs.microsoft.com/en-us/aspnet/core/mvc/controllers/routing?view=aspnetcore-2.2}},
    urldate = {2019-05-25}
}

@misc{SOAPJS,
title = {{A SOAP client and server for node.js}},
howpublished = {\url{https://www.npmjs.com/package/soap}},
urldate = {2019-05-28}
}

@misc{NetStandard2.0,
    title = {{.NET Standard}},
    howpublished = {\url{https://docs.microsoft.com/en-us/dotnet/standard/net-standard}},
    urldate = {2019-05-28}
}

@misc{WebsocketRFC,
    title = {{The WebSocket Protocol}},
    howpublished = {\url{https://tools.ietf.org/html/rfc6455}},
    urldate = {2019-05-28},
}

@misc{SSEDocs,
    title = {{Server-Sent Events}},
    howpublished = {\url{https://www.w3.org/TR/eventsource/}},
    urldate = {2019-05-29}
}

@misc{cipherlist,
    title = {{Cipherli.st: Strong Ciphers for Apache, Nginx and Lighttpd}},
    howpublished = {\url{https://cipherli.st/}},
    urldate = {2019-05-30}
}

@misc{qualys,
    title = {{SSL and TLS Deployment Best Practices}},
    howpublished = {\url{https://github.com/ssllabs/research/wiki/SSL-and-TLS-Deployment-Best-Practices}},
    urldate = {2019-05-30}
}

@misc{ScrumGuide,
    title = {{The Scrum Guide™}},
    howpublished = {\url{https://scrumguides.org/scrum-guide.html}},
    urldate = {2019-05-30},
}

@misc{Git,
    title = {{git --local-branching-on-the-cheap}},
    howpublished = {\url{https://git-scm.com/}},
    urldate = {2019-05-30},
}
